<record><leader>00000cas a2200000Ia 4500</leader><controlfield tag="001">51006407</controlfield><controlfield tag="008">021114d1915191uazuwr n       0    0eng d</controlfield><datafield ind1=" " ind2=" " tag="010"><subfield code="a">sn2002060106</subfield></datafield><datafield ind1=" " ind2=" " tag="040"><subfield code="a">ANN</subfield><subfield code="b">eng</subfield><subfield code="c">ANN</subfield><subfield code="d">OCLCQ</subfield><subfield code="d">OCLCF</subfield><subfield code="d">OCLCO</subfield></datafield><datafield ind1=" " ind2=" " tag="043"><subfield code="a">n-us-az</subfield></datafield><datafield ind1="0" ind2=" " tag="130"><subfield code="a">Wickenburg miner (Wickenburg, Ariz. : 1915)</subfield></datafield><datafield ind1="1" ind2="0" tag="245"><subfield code="a">Wickenburg miner.</subfield></datafield><datafield ind1=" " ind2=" " tag="260"><subfield code="a">Wickenburg, Ariz. :</subfield><subfield code="b">Miner Co.</subfield></datafield><datafield ind1=" " ind2=" " tag="300"><subfield code="a">v.</subfield></datafield><datafield ind1=" " ind2=" " tag="310"><subfield code="a">Weekly</subfield></datafield><datafield ind1=" " ind2=" " tag="588"><subfield code="a">Description based on: Vol. 1, no. 22 (July 1, 1915).</subfield></datafield><datafield ind1=" " ind2="0" tag="651"><subfield code="a">Wickenburg (Ariz.)</subfield><subfield code="v">Newspapers.</subfield></datafield><datafield ind1=" " ind2="0" tag="651"><subfield code="a">Maricopa County (Ariz.)</subfield><subfield code="v">Newspapers.</subfield></datafield><datafield ind1=" " ind2="7" tag="655"><subfield code="a">Newspapers.</subfield><subfield code="2">fast</subfield><subfield code="0">(OCoLC)fst01423814</subfield></datafield><datafield ind1=" " ind2="7" tag="651"><subfield code="a">Arizona</subfield><subfield code="z">Maricopa County.</subfield><subfield code="2">fast</subfield><subfield code="0">(OCoLC)fst01217111</subfield></datafield><datafield ind1=" " ind2="7" tag="651"><subfield code="a">Arizona</subfield><subfield code="z">Wickenburg.</subfield><subfield code="2">fast</subfield><subfield code="0">(OCoLC)fst01226550</subfield></datafield><datafield ind1=" " ind2=" " tag="752"><subfield code="a">United States</subfield><subfield code="b">Arizona</subfield><subfield code="c">Maricopa</subfield><subfield code="d">Wickenburg.</subfield></datafield><datafield ind1="0" ind2="0" tag="785"><subfield code="t">Hassayampa miner</subfield><subfield code="w">(DLC)sn 95060857</subfield></datafield></record>